@article{deblur,
	author = "段风志",
	title = "基于可变形卷积网络的视频去模糊算法",
	doi = "10.27061/d.cnki.ghgdu.2022.002329",
	year = "2022"
}

@article{bodyPosition,
	author = "袁环宇",
	title = "基于移动终端的人体姿态检测技术研究与实现",
	doi = "10.27005/d.cnki.gdzku.2022.002624",
	year = "2022"
}

@article{faceExp,
	author = "王聪荣",
	title = "基于轻量化卷积神经网络的表情识别与可视化分析",
	doi = "10.27061/d.cnki.ghgdu.2022.002158",
	year = "2022"
}

@article{lenet-5,
	author = "程永龙",
	title = "基于FPGA和Lenet-5的字符识别系统设计与实现",
	doi = "10.27061/d.cnki.ghgdu.2022.001688",
	year = "2022"
}

@article{ctDenoise,
	title = "基于机器学习的低剂量CT图像降噪方法研究",
	author = "陈柯成",
	doi = "10.27005/d.cnki.gdzku.2022.002185",
	year = "2022"
}

@article{fpgaAccelerate,
	author = "张渤钰",
	title = "基于FPGA的神经网络加速器",
	doi = "10.27005/d.cnki.gdzku.2023.000016",
	year = "2023"
}

@article{fiber,
	author = "龚志宝", 
	title = "基于卷积神经网络的多模光纤图像重构研究",
	doi = "10.27061/d.cnki.ghgdu.2022.001240",
	year = "2022"
}

@article{radar,
	title = "毫米波雷达手势识别轻量化网络研究", 
	author = "张丽君",
	doi = "10.27005/d.cnki.gdzku.2022.002597",
	year = "2022"
}

@article{sound,
	title = "基于神经网络的声音事件检测系统研究", 
	author = "王雨江",
	doi = "10.27005/d.cnki.gdzku.2022.003667",
	year = "2022"
}

@article {videoAction, 
	title = "基于时空关系图网络的视频动作识别研究", 
	author = "耿甜甜",
	doi = "10.27005/d.cnki.gdzku.2022.003750",
	year = "2022"
}

@InProceedings{stfan,
	author = {Zhou, Shangchen and Zhang, Jiawei and Pan, Jinshan and Xie, Haozhe and Zuo, Wangmeng and Ren, Jimmy},
	title = {Spatio-Temporal Filter Adaptive Network for Video Deblurring},
	booktitle = {Proceedings of the IEEE/CVF International Conference on Computer Vision (ICCV)},
	month = {October},
	year = {2019}
} 

@InProceedings{edvr,
	author = {Wang, Xintao and Chan, Kelvin C.K. and Yu, Ke and Dong, Chao and Change Loy, Chen},
	title = {EDVR: Video Restoration With Enhanced Deformable Convolutional Networks},
	booktitle = {Proceedings of the IEEE/CVF Conference on Computer Vision and Pattern Recognition (CVPR) Workshops},
	month = {June},
	year = {2019}
}

@inproceedings{transformer,
	author = {Vaswani, Ashish and Shazeer, Noam and Parmar, Niki and Uszkoreit, Jakob and Jones, Llion and Gomez, Aidan N and Kaiser, \L ukasz and Polosukhin, Illia},
	booktitle = {Advances in Neural Information Processing Systems},
	editor = {I. Guyon and U. Von Luxburg and S. Bengio and H. Wallach and R. Fergus and S. Vishwanathan and R. Garnett},
	publisher = {Curran Associates, Inc.},
	title = {Attention is All you Need},
	url = {https://proceedings.neurips.cc/paper_files/paper/2017/file/3f5ee243547dee91fbd053c1c4a845aa-Paper.pdf},
	volume = {30},
	year = {2017}
}
