@online {UberSingleStore,
  author = {Floyd Smith},
  title = {Case Study: A Scalable SQL Database Powers Real-Time Analytics at Uber},
  date = {2019-07-26},
  url = {https://www.singlestore.com/blog/case-study-scalable-sql-database-uber/},
  keywords = {online}
}

@online {PinterestSingleStore,
  author = {Bryant Xiao},
  title = {How Pinterest Uses SingleStore to Power Real-Time Analytics},
  date = {2016-07-09},
  url = {https://www.singlestore.com/blog/pinterest-experiments-in-real-time/},
  keywords = {online}
}

@techreport {ChinaMobileTimesTen,
  title = {China Mobile's TimesTen In-Memory Database},
  institution = {Oracle},
  year = {2018},
  url = {https://www.oracle.com/docs/tech/timesten-usecase-chinamobile-5011630.pdf},
  keywords = {techreport}
}

@online {NestleSapHana,
  title = {Nestlé: Digitalizing expense management from claim submission to approval and reimbursement in a new age of business travel},
  date = {2025-03},
  url = {https://www.sap.com/asset/dynamic/2025/03/9c22f3ae-fc7e-0010-bca6-c68f7e60039b.html},
  keywords = {online}
}

@online {WeiboRedis,
  title = {万亿级日访问量下，Redis在微博的9年优化历程},
  author = {兰将州},
  date = {2019-10-28},
  url = {https://mp.weixin.qq.com/s?__biz=MzkzMjYzNjkzNw==&mid=2247609475&idx=1&sn=e915c1c3fd46343d014a99d190e1d17b&source=41&poc_token=HL9AMGijuiFjVLOMnceiyAKMcSYp4V1jVcTdLohO},
  keywords = {online}
}

@online {DidiRedis,
  title = {滴滴 Redis 异地多活的演进历程},
  author = {魏猛},
  date = {2023-11-14},
  url = {https://mp.weixin.qq.com/s/UcyO3J0XEEe1sH3frmmNDg},
  keywords = {online}
}

@online {JdRedis,
  title = {系统性能提升优先法宝 | 缓存应用实践},
  date = {2018-11-30},
  url = {https://mp.weixin.qq.com/s/15gMOZKzZaBKUhxbDkAZDg},
  keywords = {online}
}

@techreport {AlibabaRedis,
  title = {阿里云Redis技术架构演进},
  institution = {阿里巴巴},
  year = {2018},
  author = {夏德军},
  url = {https://developer.aliyun.com/ebook/3657},
  keywords = {techreport}
}

@article {MemoryDbAbstract,
  title = {内存计算技术研究综述},
  author = {罗乐 and 刘轶 and 钱德沛},
  journal = {软件学报},
  volume = {08},
  pages = {2147-2167},
  year = {2016},
  keywords = {article},
  doi = {10.13328/j.cnki.jos.005103},
}

@article {MemoryDbTech, 
  title = {内存数据库关键技术研究},
  author = {王珊 and 肖艳芹 and 刘大为 and 覃雄派},
  journal = {计算机应用},
  volume = {10},
  pages = {353-2357},
  year = {2007},
  keywords = {article},
}